@inproceedings{estival2007author,
  title={Author profiling for English emails},
  author={Estival, Dominique and Gaustad, Tanja and Pham, Son Bao and Radford, Will and Hutchinson, Ben},
  booktitle={Proceedings of the 10th Conference of the Pacific Association for Computational Linguistics (PACLINGâ€™07)},
  pages={263--272},
  year={2007}
}
@inproceedings{abbasi2005applying,
  title={Applying authorship analysis to Arabic web content},
  author={Abbasi, Ahmed and Chen, Hsinchun},
  booktitle={International Conference on Intelligence and Security Informatics},
  pages={183--197},
  year={2005},
  organization={Springer}
}

@inproceedings{glance2005deriving,
  title={Deriving marketing intelligence from online discussion},
  author={Glance, Natalie and Hurst, Matthew and Nigam, Kamal and Siegler, Matthew and Stockton, Robert and Tomokiyo, Takashi},
  booktitle={Proceedings of the eleventh ACM SIGKDD international conference on Knowledge discovery in data mining},
  pages={419--428},
  year={2005},
  organization={ACM}
}